<record><leader>00000cas a22000007a 4500</leader><controlfield tag="001">27075469</controlfield><controlfield tag="008">921207d18881901wyuwr ne      0    0eng d</controlfield><datafield ind1=" " ind2=" " tag="010"><subfield code="a">sn 92067221 </subfield></datafield><datafield ind1=" " ind2=" " tag="040"><subfield code="a">NVO</subfield><subfield code="b">eng</subfield><subfield code="c">NVO</subfield><subfield code="d">OCLCQ</subfield></datafield><datafield ind1=" " ind2=" " tag="042"><subfield code="a">msc</subfield></datafield><datafield ind1="0" ind2="0" tag="245"><subfield code="a">Platte Valley lyre.</subfield></datafield><datafield ind1=" " ind2=" " tag="260"><subfield code="a">Saratoga, Wyo. :</subfield><subfield code="b">G.M. Huntington</subfield></datafield><datafield ind1=" " ind2=" " tag="300"><subfield code="a">v.</subfield></datafield><datafield ind1=" " ind2=" " tag="310"><subfield code="a">Weekly</subfield></datafield><datafield ind1="0" ind2=" " tag="362"><subfield code="a">Vol. 1, no. 1 (June 7, 1888)-v. 13, no. 40 [i.e. 50] (June 6, 1901).</subfield></datafield><datafield ind1=" " ind2="4" tag="651"><subfield code="a">Carbon County (Wyo.)</subfield><subfield code="v">Newspapers.</subfield></datafield><datafield ind1=" " ind2="4" tag="651"><subfield code="a">Saratoga (Wyo.)</subfield><subfield code="v">Newspapers.</subfield></datafield><datafield ind1=" " ind2=" " tag="752"><subfield code="a">United States</subfield><subfield code="b">Wyoming</subfield><subfield code="c">Carbon</subfield><subfield code="d">Saratoga.</subfield></datafield><datafield ind1="0" ind2="4" tag="785"><subfield code="t">Saratoga sun (Saratoga, Wyo.)</subfield><subfield code="w">(DLC)sn 83002748</subfield></datafield><datafield ind1="1" ind2=" " tag="029"><subfield code="a">AU@</subfield><subfield code="b">000020720283</subfield></datafield></record>